<?xml version="1.0" encoding="UTF-8"?><collection xmlns="http://www.loc.gov/MARC21/slim"><record><leader>00403nam--2200145-i-4500</leader><controlfield tag="001">000019538</controlfield><controlfield tag="002">20161230</controlfield><controlfield tag="005">20161230201033</controlfield><controlfield tag="008">060222s1000------------r-----000-0-eng-d</controlfield><datafield ind1=" " ind2=" " tag="080"><subfield code="a">511(047)</subfield></datafield><datafield ind1=" " ind2=" " tag="100"><subfield code="a">Dodson, M.M</subfield></datafield><datafield ind1=" " ind2=" " tag="245"><subfield code="a">A note on homogeneous additive equations over p-adic fields</subfield></datafield><datafield ind1=" " ind2=" " tag="260"><subfield code="a">Turku, Turun Yliopisto, 1974. 6 P</subfield></datafield><datafield ind1=" " ind2=" " tag="490"><subfield code="a">Turun Yliopiston Julkaisuja, Series A</subfield></datafield><datafield ind1=" " ind2=" " tag="852"><subfield code="a">6366</subfield></datafield></record></collection>